@ARTICLE{Lefohn04astreaming,
    author = {Aaron E. Lefohn and Joe M. Kniss and Charles D. Hansen and Ross T. Whitaker},
    title = {A streaming narrow-band algorithm: Interactive computation and visualization of level sets},
    journal = {IEEE Transactions on Visualization and Computer Graphics},
    year = {2004},
    volume = {10},
    pages = {422--433}
}

@article{gist,
  title={{GIST: an interactive, GPU-based level set segmentation tool for 3D medical images}},
  author={Cates, J.E. and Lefohn, A.E. and Whitaker, R.T.},
  journal={Medical Image Analysis},
  volume={8},
  number={3},
  pages={217--231},
  year={2004},
  publisher={Elsevier}
}
@ARTICLE{oshersethian,
    author = {Stanley Osher and James A. Sethian},
    title = {Fronts propagating with curvature dependent speed: algorithms based on Hamilton-Jacobi formulations},
    journal = {Journal of Computational Physics},
    year = {1988},
    volume = {79},
    pages = {12--49}
}